This file was created with JabRef 1.8b.
Encoding: Cp1252

%%(at)book{,
%%  title={},
%%  author={},
%%  series={},
%%	address={},
%%  publisher={},
%%  year={}
%%}

%%%%%%%%%%%%%%%%%%%%%%%%%%%%%%%%%%%%%%%%%%%%%%%%%%%%%%%%%%%%%%%%%%%%%%%%
%% Sistemas de Controle
@book{ribeiro1999instrumentacao,
  author={RIBEIRO, Marco Ant{\^o}nio},
  title={Instrumenta{\c{c}}{\~a}o},
  edition ={8},
  address = {S{\~a}o Paulo},
  editor={Tek Treinamento & Consultoria Ltda},
  year={1999},
  note = {},
}

@book{rosario2014automacao,
  title={Automa{\c{c}}{\~a}o industrial},
  author={ROSARIO, J.M.},
  isbn={9788579230004},
	year={2014},
  publisher={BARAUNA}
}

@BOOK{normey-rico2001projeto,
  author={Julio Elias Normey-Rico},
  title={Projeto de controladores PID industriais},
  address = {Departamento de Automa{\c{c}}{\~a}o e Sistemas, SC},
  editor={UFSC},
  year={2001},
  note = {},
}

@article{mayr1970origins,
  title={The origins of feedback control},
  author={Mayr, Otto},
  journal={Scientific American},
  volume={223},
  number={4},
  pages={110--118},
  year={1970}
}

@book{bennett1979history,
  title={A history of control engineering, 1800-1930},
  author={Bennett, Stuart},
  year={1979}
}

@book{bennett1993history,
  title={A history of control engineering, 1930-1955},
  author={Bennett, Stuart},
  number={47},
  year={1993},
  publisher={IET}
}

@article{bennett1996brief,
  title={A brief history of automatic control},
  author={Bennett, Stuart},
  journal={IEEE Control Systems Magazine},
  volume={16},
  number={3},
  pages={17--25},
  year={1996}
}


@book{nise2012controle,
  title={Engenharia de Sistemas de Controle},
  author={Nise, N.},
  edition={6},
	address={Rio de Janeiro},
  publisher={LTC},
  year={2012}
}

@book{dorf2016modern,
  title={Modern Control Systems},
  author={Dorf, R.C. and Bishop, R.H.},
  isbn={9780134407623},
  lccn={2015036924},
  edition={13},
  year={2016},
  publisher={Pearson Education, Limited}
}

@book{ogata2011engenharia,
   title={Engenharia de Controle Moderno},
   author={Katsuhiko Ogata},
   isbn={9788576058106},
   edition={5},
   year={2011},
   publisher={Pearson Brasil}
}

@book{maier2000art,
  title={The Art of Systems Architecting},
  publisher={CRC press},
  author={Maier, Mark Warner and Rechtin, Eberhardt},
  year={2000},
  note={},
}

@phdthesis{bastos2004otimizaccao,
  title={Otimiza{\c{c}}{\~a}o de se{\c{c}}{\~o}es retangulares de concreto armado submetidas {\`a} flexo-compress{\~a}o obl{\'i}qua utilizando algoritmos gen{\'e}ticos},
  author={Bastos, Erich Ara{\'u}jo},
  year={2004},
  school={Universidade Federal Do Rio De Janeiro},
}

@book{gurdal1992elements,
  title={Elements of Structural Optimization},
  publisher={Springer},
  author={Gurda, Zazer Autor and others},
  year={1992},
}

@book{oliveira2005sistemas,
  title={Sistemas de Controle: Aulas de Laborat{\'o}rio},
  publisher={EESC-USP},
  author={Oliveira, Vilma A and Aguiar, Manoel L and de Vargas, Jerson Barbosa},
  year={2005},
  note={},
}

@book{aslaksen2008designing,
  title={On Recombination and Optimal Mutation Rates},
  publisher={Morgan Kaufmann},
  author={Ochoa G., Harvey I., Buxton H.},
  year={2008},
}

@book{kelton2000simulation,
  title={Simulation Modeling and Analysis},
  publisher={McGraw Hill Boston, MA},
  author={Kelton, W David and Law, Averill M},
  year={2000},
  note={},
}

@book{campos2006controles,
  title={Controles t{\'\i}picos de equipamentos e processos industriais},
  author={de Campos, M.C.M.M. and Teixeira, H.C.G.},
  isbn={9788521203988},
  year={2006},
  publisher={Edgard Bl{\"u}cher}
}

@phdthesis{lemes2012complexidade,
  author={Lemes, Marcelo Jos{\'e} Ruv},
  title={Complexidade, acoplamento e criticalidade (C$^2$A) como indicadores de risco em projetos de sistemas.},
  year={2012},
  address = {S{\~a}o Paulo, SP},
  school={Escola Polit{\'e}cnica, Universidade de S{\~a}o Paulo},
}

@book{medina2010modelagem,
  title = {Modelagem e Simula{\c{c}}{\~a}o de Eventos Discretos},
  edition = {3},
  publisher = {Livros T{\'e}cnicos e Cient{\'i}ficos},
  author = {Chwif, Leornardo and Afonso C. Medina},
  year = {1989},
}

@article{saliby2001calculo,
  title={C{\'a}lculo do Valor em Risco Atrav{\'e}s de Simula{\c{c}}{\~a}o Monte Carlo: Uma Avalia{\c{c}}{\~a}o de Uso de M{\'e}todos Amostrais mais Eficientes em Portf{\'o}lios com Op{\c{c}}{\~o}es},
  author={Saliby, Eduardo and Ara{\'u}jo, Marcos Ms},
  journal={XXXIII Simp{\'o}sio Brasileiro de Pesquisa Operacional, Campos Do Jordao},
  year={2001},
}


@article{calixto2010nota,
  title={Nota de Aula - Algoritmo Gen{\'e}tico para Iniciantes},
  address = {Universidade de Coimbra, Portugal},
  author={Calixto, Wesley Pacheco},
  year = {2010},
}
@article{brandao2010estudo,
  title={{Estudo de Alguns M{\'e}todos Determin{\'i}sticos de Otimiza{\c{c}}{\~a}o Irrestrita}},
  author={Brand{\~a}o, Milena Almeida Leite},
  year={2010},
}

@article{pozo,
  title={Computa{\c{c}}{\~a}o evolutiva},
  author={Pozo, Aurora and Cavalheiro, AF and Ishida, Celso and Spinosa, Eduardo and Rodrigues, Ernesto Malta},
  journal={Universidade Federal do Paran{\'a}, 61p.(Grupo de Pesquisas em Computa{\c{c}}{\~a}o Evolutiva, Departamento de Inform{\'a}tica-Universidade Federal do Paran{\'a})},
  year={2005}
}
}

@article{tonomaru,
  title={{Motiva{\c{c}}{\~a}o, Fundamentos e Aplica{\c{c}}{\~o}es de Algoritmos Gen{\'e}ticos}},
  author={Tonomaru, j.},
  year={1995},
}

@article{martinez1995metodos,
  title={{M{\'e}todos Computacionais de Otimiza{\c{c}}{\~a}o}},
  author={Martinez, Jos{\'e} Mario and Santos, Sandra Augusta},
  journal={Col{\'o}quio Brasileiro de Matem{\'a}tica, Apostilas},
  volume={20},
  year={1995},
}


%%%%%%%%%%%%%%%%%%%%%%%%%%%%%%%%%%%%%%%%%%%%%%%%%%%%%%%%%%%%%%%%%%%%%%%%
%% SLIDING MODE CONTROL

@book{utkin2009sliding,
  title={Sliding mode control in electro-mechanical systems},
  author={Utkin, Vadim and Guldner, J{\"u}rgen and Shi, Jingxin},
  volume={34},
  year={2009},
  publisher={CRC press}
}

%%%%%%%%%%%%%%%%%%%%%%%%%%%%%%%%%%%%%%%%%%%%%%%%%%%%%%%%%%%%%%%%%%%%%%%%
%% PID
@book{astrom2006advanced,
  title={Advanced PID Control},
  author={{\AA}str{\"o}m, K.J. and H{\"a}gglund, T.},
  isbn={9781556179426},
  lccn={2005014664},
  year={2006},
  publisher={ISA-The Instrumentation, Systems, and Automation Society}
}

@book{normey2001projeto,
  author={NORMEY-RICO, J. E.},
  title={Projeto de controladores PID industriais},
  edition ={},
  address = {Departamento de Automa{\c{c}}{\~a}o e Sistemas, SC},
  editor={UFSC},
  year={2001},
  note = {},
}

@article{knospe2006pid,
  title={PID control},
  author={Knospe, Carl},
  journal={IEEE Control Systems Magazine},
  volume={26},
  number={1},
  pages={30--31},
  year={2006}
}

@book{quevedo2000digital,
  title={Digital control: Past, present and future of PID control},
  author={Quevedo, Joseba and Escobet, Teresa},
  year={2000},
  publisher={Elsevier Science Inc.}
}

@conference{IFAC2012PID,
editor={Vilanova, Ramon; Visioli, Antonio},
title={2nd IFAC Conference on Advances in PID Control},
series={Advances in PID Control},
publisher={International Federation of Automatic Control},
address={University of Brescia, Brescia, Italy},
ISBN={978-3-902823-18-2},
ISSN={1474-6670},
year={2012}
}

@inproceedings{wang2013sensitivity,
author={Liuping Wang and Ki Chun Ng}, 
booktitle={Industrial Electronics Society, IECON 2013 - 39th Annual Conference of the IEEE}, 
title={Sensitivity analysis of PI cascade control of power converter}, 
year={2013}, 
pages={7210-7215},
doi={10.1109/IECON.2013.6700331}, 
ISSN={1553-572X}, 
month={Nov}
}

@article{franks1956quatitative,
author={R. G. Franks and C. W. Worley},
title={Quantitative Analysis of Cascade Control},
journal={Industrial \& Engineering Chemistry},
volume={48},
number={6},
pages={1074--1079},
year={1956},
doi={10.1021/ie50558a034}
}

@article{kaya2007improved,
  title={Improved cascade control structure for enhanced performance},
  author={Kaya, Ibrahim and Tan, Nusret and Atherton, Derek P},
  journal={Journal of Process Control},
  volume={17},
  number={1},
  pages={3--16},
  year={2007},
  publisher={Elsevier}
}

@phdthesis{reis2014analise,
author = {M{\'a}rcio Rodrigues da Cunha Reis},
title = {An{\'a}lise Comparativa de M{\'e}todos de Otimiza{\c{c}}{\~a}o Aplicados {\`a} Sintonia do Controlador PI},
school = {Universidade Federal de Goi{\'a}s},
year = {2014},
address = {Goi{\^a}nia, Goi{\'a}s, Brasil},
}


%%%%%%%%%%%%%%%%%%%%%%%%%%%%%%%%%%%%%%%%%%%%%%%%%%%%%%%%%%%%%%%%%%%%%%%%
%% MPC
@book{camacho2013model,
   title={Model Predictive Control},
   author={Camacho, E.F. and Bordons, C.},
   isbn={9781852336943},
   lccn={2003070755},
   series={Advanced Textbooks in Control and Signal Processing},
   year={2013},
   publisher={Springer London}
}


@inproceedings{richalet1976algorithmic,
  title={Algorithmic control of industrial processes},
  author={Richalet, J and Rault, A and Testud, JL and Papon, J},
  booktitle={Proceedings of the 4th IFAC symposium on identification and system parameter estimation},
  pages={1119--1167},
  year={1976}
}

@article{richalet1978model,
  title={Model predictive heuristic control: Applications to industrial processes},
  author={Richalet, Jacques and Rault, A and Testud, JL and Papon, J},
  journal={Automatica},
  volume={14},
  number={5},
  pages={413--428},
  year={1978},
  publisher={Elsevier}
}

@book{maciejowski2002predictive,
  title={Predictive Control: With Constraints},
  author={Maciejowski, J.M.},
  isbn={9780201398236},
  lccn={00054713},
  series={Pearson Education},
  year={2002},
  publisher={Prentice Hall}
}

@book{orlowska2014advanced,
  title={Advanced and Intelligent Control in Power Electronics and Drives},
  author={Or{\l}owska-Kowalska, T. and Blaabjerg, F. and Rodr{\'i}guez, J.},
  isbn={9783319034010},
  series={Studies in Computational Intelligence},
  year={2014},
  publisher={Springer International Publishing}
}

@article{qin2003survey,
  title={A survey of industrial model predictive control technology},
  author={Qin, S Joe and Badgwell, Thomas A},
  journal={Control engineering practice},
  volume={11},
  number={7},
  pages={733--764},
  year={2003},
  publisher={Elsevier}
}

%%%%%%%%%%%%%%%%%%%%%%%%%%%%%%%%%%%%%%%%%%%%%%%%%%%%%%%%%%%%%%%%%%%%%%%%
%% MPC applied to Power Converters
@book{rodriguez2012predictive,
  title={Predictive Control of Power Converters and Electrical Drives},
  author={Rodriguez, J. and Cortes, P.},
  isbn={9781119942641},
  lccn={2012002774},
  series={Wiley - IEEE},
  year={2012},
  publisher={Wiley}
}

@article{cortes2008predictive,
  title={Predictive control in power electronics and drives},
  author={Cort{\'e}s, Patricio and Kazmierkowski, Marian P and Kennel, Ralph M and Quevedo, Daniel E and Rodr{\'i}guez, Jos{\'e}},
  journal={Industrial Electronics, IEEE Transactions on},
  volume={55},
  number={12},
  pages={4312--4324},
  year={2008},
  publisher={IEEE}
}

@article{bordons2015basic,
  title={Basic Principles of MPC for Power Converters: Bridging the Gap Between Theory and Practice},
  author={Bordons, Carlos and Montero, Carlos},
  journal={Industrial Electronics Magazine, IEEE},
  volume={9},
  number={3},
  pages={31--43},
  year={2015},
  publisher={IEEE}
}

@article{aguilera2015predictive,
  title={Predictive control of power converters: Designs with guaranteed performance},
  author={Aguilera, Ricardo P and Quevedo, Daniel E},
  journal={Industrial Informatics, IEEE Transactions on},
  volume={11},
  number={1},
  pages={53--63},
  year={2015},
  publisher={IEEE}
}

@incollection{quevedo2014predictive,
  title={Predictive control in power electronics and drives: Basic concepts, theory, and methods},
  author={Quevedo, Daniel E and Aguilera, Ricardo P and Geyer, Tobias},
  booktitle={Advanced and Intelligent Control in Power Electronics and Drives},
  pages={181--226},
  year={2014},
  publisher={Springer}
}

%%%%%%%%%%%%%%%%%%%%%%%%%%%%%%%%%%%%%%%%%%%%%%%%%%%%%%%%%%%%%%%%%%%%%%%%
%% MPC Nonlinear
@phdthesis{plucenio2010pnmpc,
author = {Agustinho Plucenio},
title = {Desenvolvimento de t{\'e}cnicas de controle n{\~a}o linear para eleva{\c{c}}{\~a}o de fluidos multif{\'a}sicos},
school = {Universidade Federal de Santa Catarina Centro Tecnol{\'o}gico Programa de P{\'o}s-Gradua{\c{c}}{\~a}o em Engenharia de Automa{\c{c}}{\~a}o e Sistemas},
year = {2010},
address = {Florian{\'o}polis},
}

@phdthesis{thome2013pnmpcrobusto,
author = {Felipe Fernandes Thom{\'e}},
title = {Controle Preditivo Robusto de Sistemas N{\~a}o Lineares com Atraso},
school = {Universidade Federal de Santa Catarina, Centro Tecnol{\'o}gico Programa de P{\'o}s-Gradua{\c{c}}{\~a}o em Engenharia de Automa{\c{c}}{\~a}o e Sistemas},
year = {2013},
address = {Florian{\'o}polis},
}

@incollection{qin2000overview,
  title={An overview of nonlinear model predictive control applications},
  author={Qin, S Joe and Badgwell, Thomas A},
  booktitle={Nonlinear model predictive control},
  pages={369--392},
  year={2000},
  publisher={Springer}
}

@article{hovorka2004nonlinear,
  title={Nonlinear model predictive control of glucose concentration in subjects with type 1 diabetes},
  author={Hovorka, Roman and Canonico, Valentina and Chassin, Ludovic J and Haueter, Ulrich and Massi-Benedetti, Massimo and Federici, Marco Orsini and Pieber, Thomas R and Schaller, Helga C and Schaupp, Lukas and Vering, Thomas and others},
  journal={Physiological measurement},
  volume={25},
  number={4},
  pages={905},
  year={2004},
  publisher={IOP Publishing}
}

@article{mayne2000constrained,
  title={Constrained model predictive control: Stability and optimality},
  author={Mayne, David Q and Rawlings, James B and Rao, Christopher V and Scokaert, Pierre OM},
  journal={Automatica},
  volume={36},
  number={6},
  pages={789--814},
  year={2000},
  publisher={Elsevier}
}

@article{dufour2004multivariable,
  title={Multivariable model predictive control of a catalytic reverse flow reactor},
  author={Dufour, Pascal and Tour{\'e}, Youssoufi},
  journal={Computers \& chemical engineering},
  volume={28},
  number={11},
  pages={2259--2270},
  year={2004},
  publisher={Elsevier}
}

@article{cannon2004efficient,
  title={Efficient nonlinear model predictive control algorithms},
  author={Cannon, Mark},
  journal={Annual Reviews in Control},
  volume={28},
  number={2},
  pages={229--237},
  year={2004},
  publisher={Elsevier}
}

@article{bloemen2001model,
  title={Model-based predictive control for Hammerstein-Wiener systems},
  author={Bloemen, HHJ and Van Den Boom, TJJ and Verbruggen, HB},
  journal={International Journal of Control},
  volume={74},
  number={5},
  pages={482--495},
  year={2001},
  publisher={Taylor \& Francis}
}

@phdthesis{santos2007controle,
  title={Controle Preditivo N{\~a}o-Linear para Sistemas de Hammerstein},
  author={Jos{\'e} Eli Santos dos Santos},
  year={2007},
  school={Universidade Federal de Santa Catarina}
}

@article{ramirez2006min-max,
  title={Min-Max MPC based on a computationally efficient upper bound of the worst case cost},
  author={Ramirez, DR and Alamo, T and Camacho, EF and de la Pena, D Munoz},
  journal={Journal of Process Control},
  volume={16},
  number={5},
  pages={511--519},
  year={2006},
  publisher={Elsevier}
}

@inproceedings{manthanwar2005robust,
  title={Robust parametric predictive control design for polytopically uncertain systems},
  author={Manthanwar, Amit M and Sakizlis, Vassilis and Pistikopoulos, EN},
  booktitle={American Control Conference, 2005. Proceedings of the 2005},
  pages={3994--3999},
  year={2005},
  organization={IEEE}
}

@inproceedings{lu1999scheduling,
  title={A scheduling quasi-minmax MPC for LPV systems},
  author={Lu, Yaohui and Arkun, Yaman},
  booktitle={American Control Conference, 1999. Proceedings of the 1999},
  volume={4},
  pages={2272--2276},
  year={1999},
  organization={IEEE}
}

@article{dougherty2003practical,
  title={A practical multiple model adaptive strategy for single-loop MPC},
  author={Dougherty, Danielle and Cooper, Doug},
  journal={Control engineering practice},
  volume={11},
  number={2},
  pages={141--159},
  year={2003},
  publisher={Elsevier}
}



%%%%%%%%%%%%%%%%%%%%%%%%%%%%%%%%%%%%%%%%%%%%%%%%%%%%%%%%%%%%%%%%%%%%%%%%
%% Motor
@book{nasar1984maquinas,
  title={M{\'a}quinas El{\'e}tricas},
	author={Nasar, S. A.},
  year={1984},
	address={S{\~a}o Paulo},
  publisher={McGraw - Hill do Brasil}
}

@book{carvalho2011maquinas,
  title={M{\'a}quinas El{\'e}tricas - Teoria e Ensaios},
  author={Carvalho, G.},
  edition={4},
	address={Rio de Janeiro},
  publisher={Editora {\'E}rica},
  year={2011}
}


@book{fitzgerald2008maquinas,
  title={{M{\'a}quinas El{\'e}tricas}},
  edition = {6},
  address = {1},
  publisher={Bookman},
  author={Fitzgerald, A. E.},
  year={2008},
  note={},
}

@book{kosow1985maquinas,
  title={M{\'a}quinas El{\'e}tricas e Transformadores},
  author={Kosow, I. L.},
	address={Rio de Janeiro},
  publisher={Editora Globo},
  year={1985}
}

@book{kuo1978motorcc,
  title={DC Motors and Control Systems},
  author={Kuo, B. C. and Tal, J.},
	address={Illinois},
  publisher={SRL},
  year={1978}
}

@book{deltoro1994maquinas,
  title={Fundamentos de M{\'a}quinas El{\'e}tricas},
  author={Del Toro, V.},
	address={Rio de Janeiro},
  publisher={Prentice Hall do Brasil},
  year={1994}
}

%%%%%%%%%%%%%%%%%%%%%%%%%%%%%%%%%%%%%%%%%%%%%%%%%%%%%%%%%%%%%%%%%%%%%%%%
%% Otimiza{\c{c}}{\~a}o
@article{ebrahimi2015tuning,
  title={Tuning of Generalized Predictive Controllers for First Order plus Dead Time Models Based on ANOVA},
  author={Ebrahimi, Zahed and Bagheri, Peyman and Khaki-Sedigh, Ali},
	journal={ICEE - Itenrnational Conference on Electrical Engineering},
  year={2015}
}

@thesis{santana2013mcc,
title={Desenvolvimento de T{\'e}cnica Heur{\'i}stica Aplicada ao Controle de M{\'a}quina CC},
author={SANTANA, Maykon L. and CARARO, Jos{\'e} A. G. and MELO, Osvaldo R.},
year={2013},
school={Instituto Federal de Educa{\c{c}}{\~a}o, Ci{\^e}ncia e Tecnologia de Goi{\'a}s},
Type = {Bacharel em Engenharia de Controle e Automa{\c{c}}{\~a}o},
Note = {Orientador: Wesley Pacheco Calixto},
}

@article{ganzaroli2015optimization,
title={Heuristic and Deterministic Strategies applied on a Cascade PI Controller Tuning for Speed Control of a DC Motor},
author={Cleber A. Ganzaroli and Douglas F. de Carvalho and Rafael N. H. M. Dias and M{\'a}rcio R. C. Reis and Aylton Alves and Jose Luis Domingos and Wesley Calixto},
journal={Congreso IEEE CHILECON 2015},
school={Universidad Central de Chile},
year={2015}
}

@inproceedings{carvalho2016optimization,
  title={Optimization process applied to tuning of dynamic matrix control: Study case with DC motor},
  author={de Carvalho, Douglas F and Ganzaroli, Cleber A and Dias, Rafael NHM and Couto, Luis A and Calixto, Wesley P},
  booktitle={Environment and Electrical Engineering (EEEIC), 2016 IEEE 16th International Conference on},
  pages={1--6},
  year={2016},
  organization={IEEE}
}

@inproceedings{reis2013heuristic,
  title={Heuristic and deterministic strategies applied on a PID controller tuning for speed control of a DC motor},
  author={Reis, Marcio and Alvarenga, Bernardo and da Silva, Wander G. and Ganzaroli, Cleber A. and Calixto, Wesley P. and de Araujo, Wanderson and Alves, Aylton J. and Domingues, Elder G.},
  booktitle={2013 13th International Conference on Environment and Electrical Engineering (EEEIC)},
  year={2013}
}

@article{calixto2015troubleshooting,
  title={Troubleshooting in geoelectrical prospecting using real-coded genetic algorithm with chromosomal extrapolation},
  author={Calixto, Wesley Pacheco and Paulo Coimbra, A and Mota, Jesus Carlos da and Wu, Marcel and Silva, Wander G and Alvarenga, Bernardo and Brito, Leonardo da Cunha and Alves, Aylton Jose and Domingues, Elder Geraldo and Neto, Daywes Pinheiro},
  journal={International Journal of Numerical Modelling: Electronic Networks, Devices and Fields},
  volume={28},
  number={1},
  pages={78--95},
  year={2015},
  publisher={Wiley Online Library}
}

@book{holland1975adaptation,
  title={Adaptation in natural and artificial systems: an introductory analysis with applications to biology, control, and artificial intelligence.},
  author={Holland, John H},
  year={1975},
  publisher={U Michigan Press}
}

@article{costa2007prior,
  title={Prior detection of genetic algorithm significant parameters: Coupling factorial design technique to genetic algorithm},
  author={Costa, Caliane BB and Rivera, Elmer AC and Rezende, Mylene Cristina Alves Ferreira and Maciel, Maria Regina Wolf and Maciel Filho, Rubens},
  journal={Chemical engineering science},
  volume={62},
  number={17},
  pages={4780--4801},
  year={2007},
  publisher={Elsevier}
}

%%%%%%%%%%%%%%%%%%%%%%%%%%%%%%%%%%%%%%%%%%%%%%%%%%%%%%%%%%%%%%%%%%%%%%%%
%% Eletrônica de pot{\^e}ncia
@book{rashid2015potencia,
  title={Eletr{\^o}nica de Pot{\^e}ncia},
  author={Muhammad H. Rashid},
	edition={4},
  isbn={9788543005942},
  year={2015},
  publisher={Pearson Brasil}
}

@book{barbi2012eletronica,
  title={Eletr{\^o}nica de Pot{\^e}ncia},
  author={Ivo Barbi},
	edition={7},
  year={2012},
	address={Florian{\'o}polis, SC, BRA},
	publisher={Edi{\c{c}}{\~a}o do Autor}
}

@book{krishnan2001eletric,
  title={Eletric Motor Drives: modeling, analysis, and control},
  author={Ramu Krishnan},
	edition={1},
  year={2001},
	address={New Jersey, USA}
}

@misc{hewitt1914mercury,
  title={Mercury-vapor rectifier.},
  author={Hewitt, Peter Cooper},
  year={1914},
  month=sep # "~15",
  publisher={Google Patents},
  note={US Patent 1,110,557}
}

@inproceedings{shockley1948electronic,
  title={The electronic theory of the transistor},
  author={Shockley, W and Bardeen, J and Brattain, WH},
  booktitle={Science},
  volume={108},
  number={2816},
  pages={678--679},
  year={1948},
  organization={AMER ASSOC ADVANCEMENT SCIENCE 1200 NEW YORK AVE, NW, WASHINGTON, DC 20005}
}



@article{emel1964stability,
  title={Stability of motion of a class of variable structure control systems},
  author={Emel yanov, SV and Utkin, VI},
  journal={Izv. AN SSSR, Tech. Cyber},
  number={2},
  pages={140--142},
  year={1964}
}
@article{zadeh1965fuzzy,
  title={Fuzzy sets},
  author={Zadeh, Lotfi A},
  journal={Information and control},
  volume={8},
  number={3},
  pages={338--353},
  year={1965},
  publisher={Elsevier}
}
@article{propoi1963use,
  title={Use of linear programming methods for synthesizing sampled-data automatic systems},
  author={Propoi, AI},
  journal={Automation and remote control},
  volume={24},
  number={7},
  pages={837--844},
  year={1963}
}
@article{zames1981feedback,
  title={Feedback and optimal sensitivity: Model reference transformations, multiplicative seminorms, and approximate inverses},
  author={Zames, George},
  journal={Automatic Control, IEEE Transactions on},
  volume={26},
  number={2},
  pages={301--320},
  year={1981},
  publisher={IEEE}
}
@techreport{gregory1959proceedings,
  title={Proceedings of the Self Adaptive Flight Control Systems Symposium, January 13-14, 1959},
  author={Gregory, PC},
  year={1959},
  institution={DTIC Document}
}
@article{markus1967foundations,
  title={Foundations of optimal control theory},
  author={Markus, Larry and Lee, EB},
  journal={New York},
  year={1967}
}

@misc{leonard1891leonard,
  title={leonard},
  author={Leonard, Harry Ward},
  year={1891},
  month=nov # "~24",
  publisher={Google Patents},
  note={US Patent 463,802}
}

%CAMACHO_MPC
@misc{linkers1994advances,
  title={Advances in Model-Based Predictive Control, chapter Generalized Predictive Control in Clinical Anaesthesia},
  author={Linkers, DA and Mahfonf, M},
  year={1994},
  publisher={Oxford University Press}
}
@article{ortega1996mobile,
  title={Mobile robot navigation in a partially structured static environment, using neural predictive control},
  author={Ortega, J Gomez and Camacho, EF},
  journal={Control Engineering Practice},
  volume={4},
  number={12},
  pages={1669--1679},
  year={1996},
  publisher={Elsevier}
}
@article{clarke1988application,
  title={Application of generalized predictive control to industrial processes},
  author={Clarke, David W},
  journal={Control Systems Magazine, IEEE},
  volume={8},
  number={2},
  pages={49--55},
  year={1988},
  publisher={IEEE}
}

@article{richalet1993industrial,
  title={Industrial applications of model based predictive control},
  author={Richalet, Jacques},
  journal={Automatica},
  volume={29},
  number={5},
  pages={1251--1274},
  year={1993},
  publisher={Elsevier}
}

@BOOK{medina2010,
  title = {Modelagem e Simula{\c{c}}{\~a}o de Eventos Discretos},
  edition = {$3^a$ edi{\c{c}}{\~a}o},
  address = {1},
  publisher = {Livros T{\'e}cnicos e Cient{\'i}ficos},
  author = {Chwif, Leornardo and Afonso C. Medina},
  year = {1989},
  note = {},
}


@BOOK{arduino,
  title = {Arduino B{\'a}sico},
  edition = {$1^a$ edi{\c{c}}{\~a}o},
  address = {1},
  publisher = {Livros T{\'e}cnicos e Cient{\'i}ficos},
  author = {McRoberts, Michael},
  year = {2011},
  note = {},
}

@BOOK{sadiku,
  title = {Fundamentos de Circuitos El{\'e}tricos},
  edition = {$5^a$ edi{\c{c}}{\~a}o},
  address = {1},
  publisher = {Livros T{\'e}cnicos e Cient{\'i}ficos},
  author = {Alexander, Charles and Sadiku, Matthew},
  year = {2013},
  note = {},
}

@BOOK{mamedeinstalacoes,
  title = {Instala{\c{c}}{\~o}es El{\'e}tricas Industriais},
  edition = {$1^a$ edi{\c{c}}{\~a}o},
  address = {1},
  publisher = {Livros T{\'e}cnicos e Cient{\'i}ficos},
  author = {Mamede Filho, Jo{\~a}o},
  year = {1989},
  note = {},
}

@book{aguirre2004,
  title={Introdu{\c{c}}{\~a}o {\`a} Identifica{\c{c}}{\~a}o de Sistemas - T{\'e}cnicas Lineares e N{\~a}o-lineares Aplicadas a Sistemas Reais},
  edition = {$3^a$ edi{\c{c}}{\~a}o},
  publisher={Editora UFMG},
  author={Aguirre, Luis Antonio},
  year={2007},
}
@inproceedings{garces2016selection,
  title={Selection of nonlinear structures for total radiation modeling},
  author={Garc{\'e}s, Hugo O and Rojas, Alejandro J and Arias, Luis E},
  booktitle={Automatica (ICA-ACCA), IEEE International Conference on},
  pages={1--5},
  year={2016},
  organization={IEEE}
}

@article{leontaritis1985input,
  title={Input-output parametric models for non-linear systems part I: deterministic non-linear systems},
  author={Leontaritis, IJ and Billings, Stephen A},
  journal={International journal of control},
  volume={41},
  number={2},
  pages={303--328},
  year={1985},
  publisher={Taylor \& Francis}
}

@book{nise2009,
  title={Engenharia de Sistemas de Controle},
  edition = {$1^a$ edi{\c{c}}{\~a}o},
  address = {1},
  publisher={LTC},
  author={Nise, Norman da Silva and Fernando Ribeiro},
  year={2009},
  note={},
}

@book{chapman1,
  title={Fundamentos de M{\'a}quinas El{\'e}tricas},
  edition = {$5^a$ edi{\c{c}}{\~a}o},
  address = {1},
  publisher={Bookman},
  author={Chapman, Stephen J. Chapman},
  year={2013},
  note={},
}

@book{ogata2003,
  title={{Engenharia de Controle Moderno}},
  edition = {$1^a$ edi{\c{c}}{\~a}o},
  address = {1},
  publisher={Prentice Hall},
  author={Ogata, Katsuhiko and Maya, Paulo {\'a}lvaro and Leonardi, Fabrizio},
  year={2003},
}

@BOOK{carvalho2011,
  title = {{M{\'a}quinas El{\'e}tricas - Teoria e Ensaios}},
  edition = {$4^a$ edi{\c{c}}{\~a}o},
  address = {Saint Paul},
  publisher = {ASA/CSSA/SSSA},
  author = {Carvalho and E. D. Lund and P. E. Colin and D. Christy and P. E. Drummond},
  year = {2011},
  note = {},
}

@book{kosow1985,
  title={{M{\'a}quinas El{\'e}tricas e Transformadores}},
  edition = {$1^a$ edi{\c{c}}{\~a}o},
  address = {1},
  publisher={Globo},
  author={Kosow, Irving L},
  year={1985},
  note={},
}

@book{fitzgerald,
  title={{M{\'a}quinas El{\'e}tricas}},
  edition = {$6^a$ edi{\c{c}}{\~a}o},
  address = {1},
  publisher={Bookman},
  author={Fitzgerald, A. E.},
  year={2008},
  note={},
}

@book{franklin,
  title={{Sistemas de Controle para Engenharia}},
  edition = {$6^a$ edi{\c{c}}{\~a}o},
  address = {1},
  publisher={bookman},
  author={Franklin, Gene F.},
  year={2013},
  note={},
}

@book{USP1,
  title={{Sintonia de Cotnroladores PID com Controle Adaptativo por Modelo de Refer{\^e}ncia Aplicado a um Motor de Corrente Cont{\'i}nua}},
  edition = {},
  address = {1},
  publisher={USP},
  author={Vargas, Jerson B.},
  year={2012},
  note={},
}

@book{ochoa,
  title={{Designing Complex Systems: Foundations of Design in the Functional Domain}},
  edition = {$1^a$ edi{\c{c}}{\~a}o},
  address = {1},
  publisher={CRC Press},
  author={Aslaksen, Erik W.},
  year={1999},
}

@book{Linden,
  title={{Algoritmos Gen{\'e}ticos}},
  edition = {$2^a$ edi{\c{c}}{\~a}o},
  address = {1},
  publisher={Brasport},
  author={Linden, R.},
  year={1992},
}

@book{Lacerda,
  title={{Introdu{\c{c}}{\~a}o aos Algoritmos Gen{\'e}ticos}},
  edition = {$1^a$ edi{\c{c}}{\~a}o},
  address = {1},
  publisher={},
  author={Lacerda, E. G.},
  year={1999},
}

@book{eykhoff1974system,
  title={{System Identification: Parameter and State Estimation}},
  edition = {$1^a$ edi{\c{c}}{\~a}o},
  address = {1},
  publisher={Wiley-Interscience London},
  author={Eykhoff, Pieter and Eykhoff, Pieter},
  year={1974},
}

@book{serapiao,
  title={{Fundamentos de Otimiza{\c{c}}{\~a}o por Intelig{\^e}ncia de Enxames: Uma Vis{\~a}o Geral}},
  edition = {$3^a$ edi{\c{c}}{\~a}o},
  address = {1},
  publisher={SciELO Brasil},
  author={Serapi{\~a}o, A. B.},
  year={2009},
}

@book{souzag,
  title={Uma Abordagem por Nuvem de Part{\'i}cula para Problemas de Otimiza{\c{c}}{\~a}o Combinat{\'o}ria},
  edition = {$1^a$ edi{\c{c}}{\~a}o},
  address = {1},
  publisher={RN},
  author={Souza, G. R.},
  year={2006},
 note={},
}

@article{pizzolato2009tecnicas,
  title={{T{\'e}cnicas de Otimiza{\c{c}}{\~a}o}},
  author={Pizzolato, ND and Gandolpho, AA},
  journal={Rio de Janeiro: LTC},
  year={2009},
}

@article{kennedy,
  title={{Particle Swarm Optimization}},
  author={Kennedy, J.},
  journal={IEEE Internation Conference},
  year={1995},
}

@article{denn1990issues,
  title={{Issues in Viscoelastic Fluid Mechanics}},
  author={Denn, Morton M},
  journal={Annual Review of Fluid Mechanics},
  volume={22},
  number={1},
  pages={13--32},
  year={1990},
  publisher={Annual Reviews 4139 El Camino Way, PO Box 10139, Palo Alto, CA 94303-0139, USA},
}

@article{SimulacaoCalixto,
  title={{Nota de Aula: Sistemas {\`a} Eventos Discretos}},
  author={Wesley Pacheco Calixto},
  year={2012},
  address = {Instituto Federal de Goi{\'a}s, GO},
}

@article{goldberg,
  title={{Genetic Algotithms in Search, Optimization, and Machine Learning}},
  author={Goldberg, D. E.},
  year={1989},
}


@article{silvad,
  title={{Otimizador Multiobjetivo Baseado em Intelig{\^e}ncia de Enxames Utilizando Fator de Diversidade}},
  author={Silva, D. R.},
  journal={},
  year={2012},
}

@article{RIOS,
  title={{A Review of Algorithms and Comparison of Software Implementations}},
  author={Rios, L. M.},
  year={2011},
}

@article{sciencePACHECO,
  title={{Mathematical Operator of Chromosomal Extrapolation to Real-Coded Genetic Algorithm applied to Problems of Geoelectrical Prospecting}},
  author={Calixto, Wesley Pacheco},
  year={2011},
}

@article{TCCIFG,
  title={{Controle de M{\'a}quinas de Corrente Cont{\'i}nua Utilizando Processos de Otimiza{\c{c}}{\~a}o na Sintonia do Controlador PID}},
  author={Gobbes Cararo,Jos{\'e} Alberto and Lacerda de Santana, Maykon and Roquete de Melo, Oswaldo},
  year={2014},
}

@article{TCCFELIPPE,
  title={{Implementa{\c{c}}{\~a}o de um Controlador Fuzzy Microcontrolado de Velocidade do Motor CC Utilizando Conversor Dual}},
  author={Rodrigues de Sousa, Erick and Santos e Silva, Felippe and Paulo Viajante, Ghunter},
  year={2006},
}

@electronic{DT3,
        Author = {{WEG - Brasil}},
       Year={2008},
        Lastchecked = {23 mai. 2013},
        Organization = {WEG - Brasil},
        Title = {{DT-3: Caracter{\'i}sticas e Especifica{\c{c}}{\~o}es de Motores de Corrente Cont{\'i}nua e  Conversores CA/CC}},
}

@electronic{SK70DT,
        Author = {{Semikron}},
        Year={2017},
        Lastchecked = {02 abr. 2017},
        Organization = {Semikron},
        Title = {{SK70DT: Datasheet}},
}

@electronic{SKD2508,
        Author = {{Semikron}},
        Year={2017},
        Lastchecked = {02 abr. 2017},
        Organization = {Semikron},
        Title = {{SKD2508: Datasheet}},
}

@electronic{NIUSB6008,
        Author = {{National Instruments}},
        Year={2017},
        Lastchecked = {02 abr. 2017},
        Organization = {National Instruments},
        Title = {{NI USB-6008: Datasheet}},
}

@electronic{TCA785,
        Author = {{Siemens}},
        Year={2014},
        Lastchecked = {12 set. 2014},
        Organization = {siemens},
        Title = {{TCA 785: Datasheet}},
}

@electronic{NE555,
        Author = {{NXP Semiconductors}},
        Year={2014},
        Lastchecked = {12 set. 2014},
        Organization = {NXP Semiconductors},
        Title = {{NE 555: Datasheet}},
}

@electronic{HALL,
        Author = {{LEM}},
        Year={2014},
        Lastchecked = {12 set. 2014},
        Organization = {LEM},
        Title = {{LA-55P/LV-25P: Datasheet}},
}

@phdthesis{ghunter,
  title={{Gerador a Relut{\^a}ncia Vari{\'a}vel em Conex{\~a}o com a Rede El{\'e}trica para Inje{\c{c}}{\~a}o de Pot{\^e}ncia Ativa}},
  author={Ghunter Paulo Viajante},
  year={2013},
  address = {Uberl{\^a}ndia, MG},
  school={Faculdade de Engenharia El{\'e}tricas, Universidade Federal de Uberl{\^a}ndia},
}

@phdthesis{wander,
  title={{Speed Control of Eletric Drives in the Presence of Load Disturbances}},
  author={Wander Gon{\c{c}}alves da Silva},
  year={1999},
  address = {Newcastle upon Tyne, England},
  school={University of Newcastle upon Tyne},
}



@electronic{weg2016motores,
        Author = {{WEG - Brasil}},
       Year={2016},
        Lastchecked = {30 mai. 2017},
        Organization = {WEG - Brasil},
        Title = {{Motores de Corrente Cont{\'i}nua}},
}

@electronic{weg2016tacogeradores,
        Author = {{WEG - Brasil}},
       Year={2016},
        Lastchecked = {30 mai. 2017},
        Organization = {WEG - Brasil},
        Title = {Tacogeradores},
}